<?xml version="1.0" encoding="UTF-8"?><record xmlns="http://www.loc.gov/MARC21/slim" xmlns:cinclude="http://apache.org/cocoon/include/1.0" xmlns:zs="http://www.loc.gov/zing/srw/">
  <leader>00437cz  a2200145n  4500</leader>
  <controlfield tag="001">n 2003012704</controlfield>
  <controlfield tag="003">DLC</controlfield>
  <controlfield tag="005">20040526140623.0</controlfield>
  <controlfield tag="008">030827n| acannaabn          |a aaa      </controlfield>
  <datafield tag="010" ind1=" " ind2=" ">
    <subfield code="a">n 2003012704</subfield>
  </datafield>
  <datafield tag="040" ind1=" " ind2=" ">
    <subfield code="a">DLC</subfield>
    <subfield code="b">eng</subfield>
    <subfield code="c">DLC</subfield>
    <subfield code="d">DLC</subfield>
  </datafield>
  <datafield tag="100" ind1="1" ind2=" ">
    <subfield code="a">Carter, Syd</subfield>
  </datafield>
  <datafield tag="400" ind1="1" ind2=" ">
    <subfield code="a">Carter, Sydny</subfield>
  </datafield>
  <datafield tag="670" ind1=" " ind2=" ">
    <subfield code="a">Slow cooker &amp; casserole, 2003:</subfield>
    <subfield code="b">t.p. (Syd Carter)</subfield>
  </datafield>
  <datafield tag="670" ind1=" " ind2=" ">
    <subfield code="a">Allrecipes tried &amp; true all season grilling &amp; BBQ, c2004:</subfield>
    <subfield code="b">ECIP t.p. (Sydny Carter)</subfield>
  </datafield>
</record>